@misc{usb1,
    author =       "US Census Bureau News",
    title =        "QUARTERLY RETAIL E-COMMERCE SALES",
    year =         "3rd Quarter 2019",
    howpublished = "\url{https://www.census.gov/retail/mrts/www/data/pdf/ec_current.pdf}"
}

@misc{amazondataset,
    author = "Amazon, Jianmo Ni",
    title = "Amazon Review Data, 2018",
    howpublished = "\url{https://nijianmo.github.io/amazon/index.html}"
}

@inproceedings{titov2008joint,
  title={A joint model of text and aspect ratings for sentiment summarization},
  author={Titov, Ivan and McDonald, Ryan},
  booktitle={proceedings of ACL-08: HLT},
  pages={308--316},
  year={2008}
}

@article{blei2003latent,
  title={Latent dirichlet allocation},
  author={Blei, David M and Ng, Andrew Y and Jordan, Michael I},
  journal={Journal of machine Learning research},
  volume={3},
  number={Jan},
  pages={993--1022},
  year={2003}
}

@inproceedings{lin2009joint,
  title={Joint sentiment/topic model for sentiment analysis},
  author={Lin, Chenghua and He, Yulan},
  booktitle={Proceedings of the 18th ACM conference on Information and knowledge management},
  pages={375--384},
  year={2009},
  organization={ACM}
}

@inproceedings{hutto2014vader,
  title={Vader: A parsimonious rule-based model for sentiment analysis of social media text},
  author={Hutto, Clayton J and Gilbert, Eric},
  booktitle={Eighth international AAAI conference on weblogs and social media},
  year={2014}
}

@misc{amazon1,
author = "Amazon",
title="Customer Service - Verified Reviews",
howpublished="\url{https://www.amazon.com/gp/help/customer/display.html/ref=hp_20079100_verifiedreviews?nodeId=201145140}"
}

@misc{plots1,
author="Uma Gajendragadkar",
title="Product Recommender using Amazon Review dataset",
howpublished="\url{https://towardsdatascience.com/product-recommender-using-amazon-review-dataset-e69d479d81dd}"}

@article{schoenmuller2018extreme,
  title={The extreme distribution of online reviews: Prevalence, drivers and implications},
  author={Schoenm{\"u}ller, Verena and Netzer, Oded and Stahl, Florian},
  journal={Columbia Business School Research Paper},
  number={18-10},
  year={2018}
}

@inproceedings{sievert2014ldavis,
  title={LDAvis: A method for visualizing and interpreting topics},
  author={Sievert, Carson and Shirley, Kenneth},
  booktitle={Proceedings of the workshop on interactive language learning, visualization, and interfaces},
  pages={63--70},
  year={2014}
}

@misc{trends,
author="Edison Trends",
title="eBay and Amazon seles trends",
howpublished="\url{https://trends.edison.tech/research/2018-ebay-vs-amazon.html}"}